// http://web.cecs.pdx.edu/~mpj/thih/thih.pdf
@misc { THIH,
    author = "Mark P. Jones",
    title = "Typing Haskell in Haskell",
    year = "2000" }

// http://web.cs.wpi.edu/~cs4536/c12/milner-damas_principal_types.pdf
@inproceedings { HM-rules,
    author = "Luis Damas and Robin Milner",
    title = "Principal type-schemes for functional programs",
    booktitle = "Symposium on Principles of Programming Languages",
    year = "1982"
}